@book{Yilmaz2000,
author = {Yilmaz, {\"{O}}z},
booktitle = {Seismic Data Analysis Vol. 1},
title = {{Seismic Data Analysis}},
year = {2001}
}
@book{Claerbout1984,
	author = {Claerbout, Jon F.},
	booktitle = {Geophysical Journal of the Royal Astronomical Society},
	title = {{Imaging the Earth's Interior}},
	volume = {86},
	year = {1984}
}